01REMESSA                 0100                Nome Fantasia da sua empresa  041BANRISUL       190816              X                                                                                                                                                                                                                                                                                       000001
1                0000000000100       123                      0010000000                                   11 1234      1908160000010240000041       A                                                                    1 84543809068   Caio Henrique Ribeiro Martins           Alcindo Pereira Gomes                               98700000Ijui           RS                                           2     
9                                                                                                                                                                                                                                                                                                                                                                                                         000003
